@ARTICLE{regan:2014,
   author = {{Regan}, J.~A. and {Johansson}, P.~H. and {Wise}, J.~H.},
    title = "{The Direct Collapse of a Massive Black Hole Seed under the Influence of an Anisotropic Lyman-Werner Source}",
  journal = {ApJ},
archivePrefix = "arXiv",
   eprint = {1407.4472},
 keywords = {black hole physics, methods: numerical, radiative transfer},
     year = 2014,
    month = nov,
   volume = 795,
      eid = {137},
    pages = {137},
      doi = {10.1088/0004-637X/795/2/137},
   adsurl = {http://adsabs.harvard.edu/abs/2014ApJ...795..137R},
  adsnote = {Provided by the SAO/NASA Astrophysics Data System}
}

@book{galaxies,
title = {Galaxies in the Universe : An Introduction},
author = {Sparke, Linda S. and Gallagher III, John S.},
address = {Cambridge ; New York},
publisher = {Cambridge University Press},
year = {2007},
edition = {2nd},
note = {Previous ed.: 2000.},
}

@book{galform,
title = {Galaxy Formation and Evolution},
author = {Mo, H. and van den Bosch, F. and White, S.},
address = {Cambridge ; New York},
publisher = {Cambridge University Press},
year = {2010},
}

@ARTICLE{naab:2017,
   author = {{Naab}, T. and {Ostriker}, J.~P.},
    title = "{Theoretical Challenges in Galaxy Formation}",
  journal = {ARA\&A},
archivePrefix = "arXiv",
   eprint = {1612.06891},
     year = 2017,
    month = aug,
   volume = 55,
    pages = {59-109},
      doi = {10.1146/annurev-astro-081913-040019},
   adsurl = {http://adsabs.harvard.edu/abs/2017ARA\%26A..55...59N},
  adsnote = {Provided by the SAO/NASA Astrophysics Data System}
}

@ARTICLE{cappellari:2016,
   author = {{Cappellari}, M.},
    title = "{Structure and Kinematics of Early-Type Galaxies from Integral Field Spectroscopy}",
  journal = {ARA\&A},
archivePrefix = "arXiv",
   eprint = {1602.04267},
     year = 2016,
    month = sep,
   volume = 54,
    pages = {597-665},
      doi = {10.1146/annurev-astro-082214-122432},
   adsurl = {http://adsabs.harvard.edu/abs/2016ARA\%26A..54..597C},
  adsnote = {Provided by the SAO/NASA Astrophysics Data System}
}

@ARTICLE{thomas:2005,
   author = {{Thomas}, D. and {Maraston}, C. and {Bender}, R. and {Mendes de Oliveira}, C.},
    title = "{The Epochs of Early-Type Galaxy Formation as a Function of Environment}",
  journal = {ApJ},
   eprint = {astro-ph/0410209},
 keywords = {Galaxies: Abundances, Galaxies: Elliptical and Lenticular, cD, Galaxies: Evolution, Galaxies: Formation, Galaxies: Stellar Content},
     year = 2005,
    month = mar,
   volume = 621,
    pages = {673-694},
      doi = {10.1086/426932},
   adsurl = {http://adsabs.harvard.edu/abs/2005ApJ...621..673T},
  adsnote = {Provided by the SAO/NASA Astrophysics Data System}
}

@ARTICLE{capellari:2006,
   author = {{Cappellari}, M. and {Bacon}, R. and {Bureau}, M. and {Damen}, M.~C. and 
	{Davies}, R.~L. and {de Zeeuw}, P.~T. and {Emsellem}, E. and 
	{Falc{\'o}n-Barroso}, J. and {Krajnovi{\'c}}, D. and {Kuntschner}, H. and 
	{McDermid}, R.~M. and {Peletier}, R.~F. and {Sarzi}, M. and 
	{van den Bosch}, R.~C.~E. and {van de Ven}, G.},
    title = "{The SAURON project - IV. The mass-to-light ratio, the virial mass estimator and the Fundamental Plane of elliptical and lenticular galaxies}",
  journal = {MNRAS},
   eprint = {astro-ph/0505042},
 keywords = {galaxies: elliptical and lenticular, cD, galaxies: evolution, galaxies: formation, galaxies: kinematics and dynamics, galaxies: structure},
     year = 2006,
    month = mar,
   volume = 366,
    pages = {1126-1150},
      doi = {10.1111/j.1365-2966.2005.09981.x},
   adsurl = {http://adsabs.harvard.edu/abs/2006MNRAS.366.1126C},
  adsnote = {Provided by the SAO/NASA Astrophysics Data System}
}

@ARTICLE{naab:2009,
   author = {{Naab}, T. and {Johansson}, P.~H. and {Ostriker}, J.~P.},
    title = "{Minor Mergers and the Size Evolution of Elliptical Galaxies}",
  journal = {ApJ},
archivePrefix = "arXiv",
   eprint = {0903.1636},
 primaryClass = "astro-ph.CO",
 keywords = {galaxies: elliptical and lenticular, cd, galaxies: evolution, galaxies: interactions, galaxies: structure, methods: numerical},
     year = 2009,
    month = jul,
   volume = 699,
    pages = {L178-L182},
      doi = {10.1088/0004-637X/699/2/L178},
   adsurl = {http://adsabs.harvard.edu/abs/2009ApJ...699L.178N},
  adsnote = {Provided by the SAO/NASA Astrophysics Data System}
}

@ARTICLE{johansson:2012,
   author = {{Johansson}, P.~H. and {Naab}, T. and {Ostriker}, J.~P.},
    title = "{Forming Early-type Galaxies in {$\Lambda$}CDM Simulations. I. Assembly Histories}",
  journal = {ApJ},
archivePrefix = "arXiv",
   eprint = {1202.3441},
 keywords = {cosmology: theory, galaxies: elliptical and lenticular, cD, galaxies: evolution, galaxies: formation, methods: numerical},
     year = 2012,
    month = aug,
   volume = 754,
      eid = {115},
    pages = {115},
      doi = {10.1088/0004-637X/754/2/115},
   adsurl = {http://adsabs.harvard.edu/abs/2012ApJ...754..115J},
  adsnote = {Provided by the SAO/NASA Astrophysics Data System}
}

@ARTICLE{bender:1988,
   author = {{Bender}, R. and {Doebereiner}, S. and {Moellenhoff}, C.},
    title = "{Isophote shapes of elliptical galaxies. I - The data}",
  journal = {A\&AS},
 keywords = {Astronomical Photometry, Charge Coupled Devices, Elliptical Galaxies, Galactic Structure, Radio Emission, Fourier Transformation, Morphology, Statistical Analysis, X Ray Sources},
     year = 1988,
    month = sep,
   volume = 74,
    pages = {385-426},
   adsurl = {http://cdsads.u-strasbg.fr/abs/1988A\%26AS...74..385B},
  adsnote = {Provided by the SAO/NASA Astrophysics Data System}
}

@ARTICLE{levison:1987,
   author = {{Levison}, H.~F.},
    title = "{Observable properties of E0 triaxial galaxies - A test for triaxiality}",
  journal = {ApJ},
 keywords = {Density Distribution, Elliptical Galaxies, Galactic Structure, Mass To Light Ratios, Computational Astrophysics, Dynamic Characteristics},
     year = 1987,
    month = sep,
   volume = 320,
    pages = {L93-L97},
      doi = {10.1086/184982},
   adsurl = {http://cdsads.u-strasbg.fr/abs/1987ApJ...320L..93L},
  adsnote = {Provided by the SAO/NASA Astrophysics Data System}
}

@ARTICLE{statler:1987,
   author = {{Statler}, T.~S.},
    title = "{Self-consistent models of perfect triaxial galaxies}",
  journal = {ApJ},
 keywords = {Astronomical Models, Elliptical Galaxies, Galactic Rotation, Galactic Structure, Angular Momentum, Galactic Evolution, Galactic Mass, Schwarzschild Metric, Stellar Motions, Velocity Distribution},
     year = 1987,
    month = oct,
   volume = 321,
    pages = {113-152},
      doi = {10.1086/165619},
   adsurl = {http://cdsads.u-strasbg.fr/abs/1987ApJ...321..113S},
  adsnote = {Provided by the SAO/NASA Astrophysics Data System}
}

@ARTICLE{carollo:1997,
   author = {{Carollo}, C.~M. and {Franx}, M. and {Illingworth}, G.~D. and 
	{Forbes}, D.~A.},
    title = "{Ellipticals with Kinematically Distinct Cores: V - I Color Images with WPFC2}",
  journal = {ApJ},
   eprint = {astro-ph/9701218},
 keywords = {Galaxies: Elliptical and Lenticular, cD, Galaxies: Kinematics and Dynamics, Galaxies: Nuclei, Galaxies: Photometry, Galaxies: Stellar Content},
     year = 1997,
    month = may,
   volume = 481,
    pages = {710-734},
      doi = {10.1086/304060},
   adsurl = {http://cdsads.u-strasbg.fr/abs/1997ApJ...481..710C},
  adsnote = {Provided by the SAO/NASA Astrophysics Data System}
}

@ARTICLE{forbes:1995,
   author = {{Forbes}, D.~A. and {Franx}, M. and {Illingworth}, G.~D.},
    title = "{Ellipticals with Kinematically Distinct Cores: WFPC1 Imaging of Nearby Ellipticals}",
  journal = {AJ},
 keywords = {GALAXIES: ELLIPTICAL AND LENTICULAR, GALAXIES: KINEMATICS AND DYNAMICS},
     year = 1995,
    month = may,
   volume = 109,
    pages = {1988},
      doi = {10.1086/117425},
   adsurl = {http://cdsads.u-strasbg.fr/abs/1995AJ....109.1988F},
  adsnote = {Provided by the SAO/NASA Astrophysics Data System}
}

@ARTICLE{statler:1991,
   author = {{Statler}, T.~S.},
    title = "{On the velocity fields of elliptical galaxies}",
  journal = {AJ},
 keywords = {Elliptical Galaxies, Galactic Rotation, Maximum Entropy Method, Radial Velocity, Dynamic Models, Self Consistent Fields, Velocity Distribution},
     year = 1991,
    month = sep,
   volume = 102,
    pages = {882-892},
      doi = {10.1086/115919},
   adsurl = {http://cdsads.u-strasbg.fr/abs/1991AJ....102..882S},
  adsnote = {Provided by the SAO/NASA Astrophysics Data System}
}

@ARTICLE{djorgovski:1987,
   author = {{Djorgovski}, S. and {Davis}, M.},
    title = "{Fundamental properties of elliptical galaxies}",
  journal = {ApJ},
 keywords = {Astronomical Photometry, Elliptical Galaxies, Galactic Rotation, Galactic Structure, Cosmology, Galactic Evolution, Mass To Light Ratios, Velocity Distribution},
     year = 1987,
    month = feb,
   volume = 313,
    pages = {59-68},
      doi = {10.1086/164948},
   adsurl = {http://cdsads.u-strasbg.fr/abs/1987ApJ...313...59D},
  adsnote = {Provided by the SAO/NASA Astrophysics Data System}
}

@ARTICLE{dressler:1987,
   author = {{Dressler}, A. and {Lynden-Bell}, D. and {Burstein}, D. and 
	{Davies}, R.~L. and {Faber}, S.~M. and {Terlevich}, R. and {Wegner}, G.
	},
    title = "{Spectroscopy and photometry of elliptical galaxies. I - A new distance estimator}",
  journal = {ApJ},
 keywords = {Astrometry, Astronomical Photometry, Astronomical Spectroscopy, Distance, Elliptical Galaxies, Galactic Clusters, Galactic Rotation, Local Group (Astronomy), Luminosity, Sky Surveys (Astronomy)},
     year = 1987,
    month = feb,
   volume = 313,
    pages = {42-58},
      doi = {10.1086/164947},
   adsurl = {http://cdsads.u-strasbg.fr/abs/1987ApJ...313...42D},
  adsnote = {Provided by the SAO/NASA Astrophysics Data System}
}

@ARTICLE{faber-jackson:1976,
   author = {{Faber}, S.~M. and {Jackson}, R.~E.},
    title = "{Velocity dispersions and mass-to-light ratios for elliptical galaxies}",
  journal = {ApJ},
 keywords = {Elliptical Galaxies, Galactic Nuclei, Mass To Light Ratios, Power Spectra, Velocity Distribution, Astronomical Spectroscopy, Data Reduction, Light (Visible Radiation), M Stars, Noise Spectra, Spectral Line Width},
     year = 1976,
    month = mar,
   volume = 204,
    pages = {668-683},
      doi = {10.1086/154215},
   adsurl = {http://cdsads.u-strasbg.fr/abs/1976ApJ...204..668F},
  adsnote = {Provided by the SAO/NASA Astrophysics Data System}
}

@ARTICLE{rantala:2018,
   author = {{Rantala}, A. and {Johansson}, P.~H. and {Naab}, T. and {Thomas}, J. and 
	{Frigo}, M.},
    title = "{The formation of extremely diffuse galaxy cores by merging supermassive black holes}",
  journal = {ArXiv e-prints},
archivePrefix = "arXiv",
   eprint = {1805.10295},
 keywords = {Astrophysics - Astrophysics of Galaxies},
     year = 2018,
    month = may,
   adsurl = {http://adsabs.harvard.edu/abs/2018arXiv180510295R},
  adsnote = {Provided by the SAO/NASA Astrophysics Data System}
}

@ARTICLE{kormendy:1995,
   author = {{Kormendy}, J. and {Richstone}, D.},
    title = "{Inward Bound---The Search For Supermassive Black Holes In Galactic Nuclei}",
  journal = {ARA\&A},
     year = 1995,
   volume = 33,
    pages = {581},
      doi = {10.1146/annurev.aa.33.090195.003053},
   adsurl = {http://cdsads.u-strasbg.fr/abs/1995ARA\%26A..33..581K},
  adsnote = {Provided by the SAO/NASA Astrophysics Data System}
}

@ARTICLE{ferrarese:2005,
   author = {{Ferrarese}, L. and {Ford}, H.},
    title = "{Supermassive Black Holes in Galactic Nuclei: Past, Present and Future Research}",
  journal = {SSRv},
   eprint = {astro-ph/0411247},
     year = 2005,
    month = feb,
   volume = 116,
    pages = {523-624},
      doi = {10.1007/s11214-005-3947-6},
   adsurl = {http://cdsads.u-strasbg.fr/abs/2005SSRv..116..523F},
  adsnote = {Provided by the SAO/NASA Astrophysics Data System}
}

@ARTICLE{maoz:1998,
   author = {{Maoz}, E.},
    title = "{Dynamical Constraints on Alternatives to Supermassive Black Holes in Galactic Nuclei}",
  journal = {ApJ},
   eprint = {astro-ph/9710309},
 keywords = {BLACK HOLE PHYSICS, GALAXIES: KINEMATICS AND DYNAMICS, GALAXIES: NUCLEI, Black Hole Physics, Galaxies: Kinematics and Dynamics, Galaxies: Nuclei},
     year = 1998,
    month = feb,
   volume = 494,
    pages = {L181-L184},
      doi = {10.1086/311194},
   adsurl = {http://cdsads.u-strasbg.fr/abs/1998ApJ...494L.181M},
  adsnote = {Provided by the SAO/NASA Astrophysics Data System}
}

@ARTICLE{marel:1998,
   author = {{van der Marel}, R.~P. and {van den Bosch}, F.~C.},
    title = "{Evidence for a $3 \times 10^8 M_{\odot}$ Black Hole in NGC 7052 from Hubble Space Telescope Observations of the Nuclear Gas Disk}",
  journal = {AJ},
   eprint = {astro-ph/9804194},
 keywords = {GALAXIES: ELLIPTICAL AND LENTICULAR, CD, GALAXIES: INDIVIDUAL: NGC NUMBER: NGC 7052, GALAXIES: KINEMATICS AND DYNAMICS, GALAXIES: NUCLEI, GALAXIES: STRUCTURE},
     year = 1998,
    month = nov,
   volume = 116,
    pages = {2220-2236},
      doi = {10.1086/300593},
   adsurl = {http://cdsads.u-strasbg.fr/abs/1998AJ....116.2220V},
  adsnote = {Provided by the SAO/NASA Astrophysics Data System}
}

@ARTICLE{harms:1994,
   author = {{Harms}, R.~J. and {Ford}, H.~C. and {Tsvetanov}, Z.~I. and 
	{Hartig}, G.~F. and {Dressel}, L.~L. and {Kriss}, G.~A. and 
	{Bohlin}, R. and {Davidsen}, A.~F. and {Margon}, B. and {Kochhar}, A.~K.
	},
    title = "{HST FOS spectroscopy of M87: Evidence for a disk of ionized gas around a massive black hole}",
  journal = {ApJ},
 keywords = {Accretion Disks, Active Galactic Nuclei, Black Holes (Astronomy), Emission Spectra, Galactic Rotation, Ionized Gases, Plasma Jets, Faint Object Camera, Hubble Space Telescope, Kepler Laws, Radial Velocity, Spectrographs},
     year = 1994,
    month = nov,
   volume = 435,
    pages = {L35-L38},
      doi = {10.1086/187588},
   adsurl = {http://cdsads.u-strasbg.fr/abs/1994ApJ...435L..35H},
  adsnote = {Provided by the SAO/NASA Astrophysics Data System}
}

@ARTICLE{gebhardt:2000,
   author = {{Gebhardt}, K. and {Bender}, R. and {Bower}, G. and {Dressler}, A. and 
	{Faber}, S.~M. and {Filippenko}, A.~V. and {Green}, R. and {Grillmair}, C. and 
	{Ho}, L.~C. and {Kormendy}, J. and {Lauer}, T.~R. and {Magorrian}, J. and 
	{Pinkney}, J. and {Richstone}, D. and {Tremaine}, S.},
    title = "{A Relationship between Nuclear Black Hole Mass and Galaxy Velocity Dispersion}",
  journal = {ApJ},
   eprint = {astro-ph/0006289},
 keywords = {Galaxies: General, Galaxies: Nuclei, Galaxies: Statistics},
     year = 2000,
    month = aug,
   volume = 539,
    pages = {L13-L16},
      doi = {10.1086/312840},
   adsurl = {http://cdsads.u-strasbg.fr/abs/2000ApJ...539L..13G},
  adsnote = {Provided by the SAO/NASA Astrophysics Data System}
}

@ARTICLE{ferrarese:2000,
   author = {{Ferrarese}, L. and {Merritt}, D.},
    title = "{A Fundamental Relation between Supermassive Black Holes and Their Host Galaxies}",
  journal = {ApJ},
   eprint = {astro-ph/0006053},
 keywords = {Black Hole Physics, Galaxies: Evolution, Galaxies: Kinematics and Dynamics},
     year = 2000,
    month = aug,
   volume = 539,
    pages = {L9-L12},
      doi = {10.1086/312838},
   adsurl = {http://cdsads.u-strasbg.fr/abs/2000ApJ...539L...9F},
  adsnote = {Provided by the SAO/NASA Astrophysics Data System}
}

@ARTICLE{haring:2004,
   author = {{Häring}, N. and {Rix}, H.-W.},
    title = "{On the Black Hole Mass-Bulge Mass Relation}",
  journal = {ApJ},
   eprint = {astro-ph/0402376},
 keywords = {Galaxies: Bulges, Galaxies: Kinematics and Dynamics},
     year = 2004,
    month = apr,
   volume = 604,
    pages = {L89-L92},
      doi = {10.1086/383567},
   adsurl = {http://cdsads.u-strasbg.fr/abs/2004ApJ...604L..89H},
  adsnote = {Provided by the SAO/NASA Astrophysics Data System}
}

@ARTICLE{graham:2001,
   author = {{Graham}, A.~W. and {Erwin}, P. and {Caon}, N. and {Trujillo}, I.
	},
    title = "{A Correlation between Galaxy Light Concentration and Supermassive Black Hole Mass}",
  journal = {ApJ},
   eprint = {astro-ph/0111152},
 keywords = {Black Hole Physics, Galaxies: Fundamental Parameters, Galaxies: Kinematics and Dynamics, Galaxies: Nuclei, Galaxies: Photometry, Galaxies: Structure},
     year = 2001,
    month = dec,
   volume = 563,
    pages = {L11-L14},
      doi = {10.1086/338500},
   adsurl = {http://cdsads.u-strasbg.fr/abs/2001ApJ...563L..11G},
  adsnote = {Provided by the SAO/NASA Astrophysics Data System}
}

@ARTICLE{marel:1993,
   author = {{van der Marel}, R.~P. and {Franx}, M.},
    title = "{A new method for the identification of non-Gaussian line profiles in elliptical galaxies}",
  journal = {ApJ},
 keywords = {Elliptical Galaxies, Galactic Structure, Line Spectra, Astronomical Models, Computational Astrophysics, Galactic Evolution},
     year = 1993,
    month = apr,
   volume = 407,
    pages = {525-539},
      doi = {10.1086/172534},
   adsurl = {http://cdsads.u-strasbg.fr/abs/1993ApJ...407..525V},
  adsnote = {Provided by the SAO/NASA Astrophysics Data System}
}

@ARTICLE{gerhard:2001,
   author = {{Gerhard}, O. and {Kronawitter}, A. and {Saglia}, R.~P. and 
	{Bender}, R.},
    title = "{Dynamical Family Properties and Dark Halo Scaling Relations of Giant Elliptical Galaxies}",
  journal = {AJ},
   eprint = {astro-ph/0012381},
 keywords = {Cosmology: Dark Matter, Galaxies: Elliptical and Lenticular, cD, Galaxies: Formation, Galaxies: Halos, Galaxies: Kinematics and Dynamics, Galaxies: Stellar Content},
     year = 2001,
    month = apr,
   volume = 121,
    pages = {1936-1951},
      doi = {10.1086/319940},
   adsurl = {http://cdsads.u-strasbg.fr/abs/2001AJ....121.1936G},
  adsnote = {Provided by the SAO/NASA Astrophysics Data System}
}

@ARTICLE{forman:1985,
   author = {{Forman}, W. and {Jones}, C. and {Tucker}, W.},
    title = "{Hot coronae around early-type galaxies}",
  journal = {ApJ},
 keywords = {Coronas, Galactic Structure, X Ray Sources, Astronomical Maps, Bremsstrahlung, Heao 2, Mass To Light Ratios},
     year = 1985,
    month = jun,
   volume = 293,
    pages = {102-119},
      doi = {10.1086/163218},
   adsurl = {http://cdsads.u-strasbg.fr/abs/1985ApJ...293..102F},
  adsnote = {Provided by the SAO/NASA Astrophysics Data System}
}

@ARTICLE{musho:1994,
   author = {{Mushotzky}, R.~F. and {Loewenstein}, M. and {Awaki}, H. and 
	{Makishima}, K. and {Matsushita}, K. and {Matsumoto}, H.},
    title = "{ASCA observation of NGC 4636: Dark matter and metallicity gradient}",
  journal = {ApJ},
 keywords = {Dark Matter, Elliptical Galaxies, Galactic Evolution, Metallicity, Spectrum Analysis, Temperature Measurement, X Ray Spectra, Cooling Flows (Astrophysics), Interstellar Matter, Temperature Profiles, Virgo Galactic Cluster},
     year = 1994,
    month = nov,
   volume = 436,
    pages = {L79-L82},
      doi = {10.1086/187637},
   adsurl = {http://cdsads.u-strasbg.fr/abs/1994ApJ...436L..79M},
  adsnote = {Provided by the SAO/NASA Astrophysics Data System}
}

@BOOK{galdyn,
   author = {{Binney}, J. and {Tremaine}, S.},
    title = "{Galactic Dynamics: Second Edition}",
 keywords = {Astrophysics, Celestial Mechanics, Galactic Structure, Milky Way Galaxy, Dark Matter, Galactic Evolution, Jeans Theory, Orbital Mechanics, Potential Theory, Stellar Evolution, Stellar Systems},
 address = {Princeton ; New Jersey},
publisher = {Princeton University Press},
year = {2008},
   adsurl = {http://cdsads.u-strasbg.fr/abs/2008gady.book.....B},
  adsnote = {Provided by the SAO/NASA Astrophysics Data System}
}

@ARTICLE{partridge:1967,
   author = {{Partridge}, R.~B. and {Peebles}, P.~J.~E.},
    title = "{Are Young Galaxies Visible?}",
  journal = {ApJ},
     year = 1967,
    month = mar,
   volume = 147,
    pages = {868},
      doi = {10.1086/149079},
   adsurl = {http://cdsads.u-strasbg.fr/abs/1967ApJ...147..868P},
  adsnote = {Provided by the SAO/NASA Astrophysics Data System}
}

@ARTICLE{larson:1975,
   author = {{Larson}, R.~B.},
    title = "{Models for the formation of elliptical galaxies}",
  journal = {MNRAS},
 keywords = {Astronomical Models, Elliptical Galaxies, Galactic Evolution, Gravitational Collapse, Momentum Transfer, Angular Momentum, Galactic Structure, Stellar Evolution, Two Fluid Models},
     year = 1975,
    month = dec,
   volume = 173,
    pages = {671-699},
      doi = {10.1093/mnras/173.3.671},
   adsurl = {http://cdsads.u-strasbg.fr/abs/1975MNRAS.173..671L},
  adsnote = {Provided by the SAO/NASA Astrophysics Data System}
}

@ARTICLE{bell:1967,
   author = {{Lynden-Bell}, D.},
    title = "{Statistical mechanics of violent relaxation in stellar systems}",
  journal = {MNRAS},
     year = 1967,
   volume = 136,
    pages = {101},
      doi = {10.1093/mnras/136.1.101},
   adsurl = {http://cdsads.u-strasbg.fr/abs/1967MNRAS.136..101L},
  adsnote = {Provided by the SAO/NASA Astrophysics Data System}
}

@ARTICLE{white:1978,
   author = {{White}, S.~D.~M.},
    title = "{Simulations of merging galaxies}",
  journal = {MNRAS},
 keywords = {Astronomical Models, Computerized Simulation, Galactic Evolution, Many Body Problem, Energy Distribution, Merging Routines, Relaxation (Mechanics), Tides},
     year = 1978,
    month = jul,
   volume = 184,
    pages = {185-203},
      doi = {10.1093/mnras/184.2.185},
   adsurl = {http://cdsads.u-strasbg.fr/abs/1978MNRAS.184..185W},
  adsnote = {Provided by the SAO/NASA Astrophysics Data System}
}

@ARTICLE{albada:1982,
   author = {{van Albada}, T.~S.},
    title = "{Dissipationless galaxy formation and the R to the 1/4-power law}",
  journal = {MNRAS},
 keywords = {Astronomical Models, Boundary Value Problems, Dissipation, Elliptical Galaxies, Galactic Evolution, Many Body Problem, Anisotropic Media, Body Kinematics, Density Distribution, Gravitational Collapse, Mass Distribution, Velocity Distribution},
     year = 1982,
    month = dec,
   volume = 201,
    pages = {939-955},
      doi = {10.1093/mnras/201.4.939},
   adsurl = {http://cdsads.u-strasbg.fr/abs/1982MNRAS.201..939V},
  adsnote = {Provided by the SAO/NASA Astrophysics Data System}
}

@ARTICLE{may:1984,
   author = {{May}, A. and {van Albada}, T.~S.},
    title = "{Dynamical constraints during violent relaxation and their effects on the final state}",
  journal = {MNRAS},
 keywords = {Astronomical Models, Astrophysics, Galactic Structure, Gravitational Collapse, Relaxation (Mechanics), Star Distribution, Stellar Systems, Clumps, Constraints, Density Distribution, Dynamic Characteristics, Many Body Problem, Star Clusters},
     year = 1984,
    month = jul,
   volume = 209,
    pages = {15-23},
      doi = {10.1093/mnras/209.1.15},
   adsurl = {http://cdsads.u-strasbg.fr/abs/1984MNRAS.209...15M},
  adsnote = {Provided by the SAO/NASA Astrophysics Data System}
}

@ARTICLE{aarseth:1978,
   author = {{Aarseth}, S.~J. and {Binney}, J.},
    title = "{On the relaxation of galaxies and clusters from aspherical initial conditions}",
  journal = {MNRAS},
     year = 1978,
    month = oct,
   volume = 185,
    pages = {227-244},
      doi = {10.1093/mnras/185.2.227},
   adsurl = {http://cdsads.u-strasbg.fr/abs/1978MNRAS.185..227A},
  adsnote = {Provided by the SAO/NASA Astrophysics Data System}
}

@ARTICLE{larson:1974,
   author = {{Larson}, R.~B.},
    title = "{Dynamical models for the formation and evolution of spherical galaxies}",
  journal = {MNRAS},
     year = 1974,
    month = mar,
   volume = 166,
    pages = {585-616},
      doi = {10.1093/mnras/166.3.585},
   adsurl = {http://cdsads.u-strasbg.fr/abs/1974MNRAS.166..585L},
  adsnote = {Provided by the SAO/NASA Astrophysics Data System}
}

@ARTICLE{katz:1991,
   author = {{Katz}, N. and {Gunn}, J.~E.},
    title = "{Dissipational galaxy formation. I - Effects of gasdynamics}",
  journal = {ApJ},
 keywords = {Computational Astrophysics, Dark Matter, Galactic Evolution, Gas Dynamics, Gravitational Fields, Algorithms, Angular Momentum, Astronomical Models},
     year = 1991,
    month = aug,
   volume = 377,
    pages = {365-381},
      doi = {10.1086/170367},
   adsurl = {http://cdsads.u-strasbg.fr/abs/1991ApJ...377..365K},
  adsnote = {Provided by the SAO/NASA Astrophysics Data System}
}

@ARTICLE{katz:1992,
   author = {{Katz}, N.},
    title = "{Dissipational galaxy formation. II - Effects of star formation}",
  journal = {ApJ},
 keywords = {Computational Astrophysics, Computerized Simulation, Galactic Evolution, Spiral Galaxies, Star Formation, Baryons, Dark Matter, Gas Dynamics, Supernovae},
     year = 1992,
    month = jun,
   volume = 391,
    pages = {502-517},
      doi = {10.1086/171366},
   adsurl = {http://cdsads.u-strasbg.fr/abs/1992ApJ...391..502K},
  adsnote = {Provided by the SAO/NASA Astrophysics Data System}
}

@ARTICLE{bell:2004,
   author = {{Bell}, E.~F. and {Wolf}, C. and {Meisenheimer}, K. and {Rix}, H.-W. and 
	{Borch}, A. and {Dye}, S. and {Kleinheinrich}, M. and {Wisotzki}, L. and 
	{McIntosh}, D.~H.},
    title = "{Nearly 5000 Distant Early-Type Galaxies in COMBO-17: A Red Sequence and Its Evolution since z$\sim$1}",
  journal = {ApJ},
   eprint = {astro-ph/0303394},
 keywords = {Galaxies: Elliptical and Lenticular, cD, Galaxies: Evolution, Galaxies: General, Galaxies: Luminosity Function, Mass Function, Galaxies: Stellar Content, Surveys},
     year = 2004,
    month = jun,
   volume = 608,
    pages = {752-767},
      doi = {10.1086/420778},
   adsurl = {http://cdsads.u-strasbg.fr/abs/2004ApJ...608..752B},
  adsnote = {Provided by the SAO/NASA Astrophysics Data System}
}

@ARTICLE{brown:2007,
   author = {{Brown}, M.~J.~I. and {Dey}, A. and {Jannuzi}, B.~T. and {Brand}, K. and 
	{Benson}, A.~J. and {Brodwin}, M. and {Croton}, D.~J. and {Eisenhardt}, P.~R.
	},
    title = "{The Evolving Luminosity Function of Red Galaxies}",
  journal = {ApJ},
   eprint = {astro-ph/0609584},
 keywords = {Galaxies: Elliptical and Lenticular, cD, Galaxies: Evolution, Galaxies: Luminosity Function, Mass Function},
     year = 2007,
    month = jan,
   volume = 654,
    pages = {858-877},
      doi = {10.1086/509652},
   adsurl = {http://cdsads.u-strasbg.fr/abs/2007ApJ...654..858B},
  adsnote = {Provided by the SAO/NASA Astrophysics Data System}
}

@ARTICLE{faber:2007,
   author = {{Faber}, S.~M. and {Willmer}, C.~N.~A. and {Wolf}, C. and {Koo}, D.~C. and 
	{Weiner}, B.~J. and {Newman}, J.~A. and {Im}, M. and {Coil}, A.~L. and 
	{Conroy}, C. and {Cooper}, M.~C. and {Davis}, M. and {Finkbeiner}, D.~P. and 
	{Gerke}, B.~F. and {Gebhardt}, K. and {Groth}, E.~J. and {Guhathakurta}, P. and 
	{Harker}, J. and {Kaiser}, N. and {Kassin}, S. and {Kleinheinrich}, M. and 
	{Konidaris}, N.~P. and {Kron}, R.~G. and {Lin}, L. and {Luppino}, G. and 
	{Madgwick}, D.~S. and {Meisenheimer}, K. and {Noeske}, K.~G. and 
	{Phillips}, A.~C. and {Sarajedini}, V.~L. and {Schiavon}, R.~P. and 
	{Simard}, L. and {Szalay}, A.~S. and {Vogt}, N.~P. and {Yan}, R.
	},
    title = "{Galaxy Luminosity Functions to z$\sim$1 from DEEP2 and COMBO-17: Implications for Red Galaxy Formation}",
  journal = {ApJ},
   eprint = {astro-ph/0506044},
 keywords = {Galaxies: Distances and Redshifts, Galaxies: Evolution, Galaxies: Luminosity Function, Mass Function},
     year = 2007,
    month = aug,
   volume = 665,
    pages = {265-294},
      doi = {10.1086/519294},
   adsurl = {http://cdsads.u-strasbg.fr/abs/2007ApJ...665..265F},
  adsnote = {Provided by the SAO/NASA Astrophysics Data System}
}

@ARTICLE{taylor:2009,
   author = {{Taylor}, E.~N. and {Franx}, M. and {van Dokkum}, P.~G. and 
	{Bell}, E.~F. and {Brammer}, G.~B. and {Rudnick}, G. and {Wuyts}, S. and 
	{Gawiser}, E. and {Lira}, P. and {Urry}, C.~M. and {Rix}, H.-W.
	},
    title = "{The Rise of Massive Red Galaxies: The Color-Magnitude and Color-Stellar Mass Diagrams for z$_\mathrm{phot}$ $\lesssim$ 2 from the Multiwavelength Survey by Yale-Chile}",
  journal = {ApJ},
archivePrefix = "arXiv",
   eprint = {0810.3459},
 keywords = {galaxies: evolution, galaxies: formation, galaxies: high-redshift, galaxies: luminosity function, mass function, galaxies: stellar content},
     year = 2009,
    month = apr,
   volume = 694,
    pages = {1171-1199},
      doi = {10.1088/0004-637X/694/2/1171},
   adsurl = {http://cdsads.u-strasbg.fr/abs/2009ApJ...694.1171T},
  adsnote = {Provided by the SAO/NASA Astrophysics Data System}
}

@ARTICLE{daddi:2005,
   author = {{Daddi}, E. and {Renzini}, A. and {Pirzkal}, N. and {Cimatti}, A. and 
	{Malhotra}, S. and {Stiavelli}, M. and {Xu}, C. and {Pasquali}, A. and 
	{Rhoads}, J.~E. and {Brusa}, M. and {di Serego Alighieri}, S. and 
	{Ferguson}, H.~C. and {Koekemoer}, A.~M. and {Moustakas}, L.~A. and 
	{Panagia}, N. and {Windhorst}, R.~A.},
    title = "{Passively Evolving Early-Type Galaxies at 1.4 $\lesssim$ z $\lesssim$ 2.5 in the Hubble Ultra Deep Field}",
  journal = {ApJ},
   eprint = {astro-ph/0503102},
 keywords = {Cosmology: Observations, Galaxies: Evolution, Galaxies: Formation, Galaxies: High-Redshift},
     year = 2005,
    month = jun,
   volume = 626,
    pages = {680-697},
      doi = {10.1086/430104},
   adsurl = {http://cdsads.u-strasbg.fr/abs/2005ApJ...626..680D},
  adsnote = {Provided by the SAO/NASA Astrophysics Data System}
}

@ARTICLE{trujillo:2006,
   author = {{Trujillo}, I. and {Feulner}, G. and {Goranova}, Y. and {Hopp}, U. and 
	{Longhetti}, M. and {Saracco}, P. and {Bender}, R. and {Braito}, V. and 
	{Della Ceca}, R. and {Drory}, N. and {Mannucci}, F. and {Severgnini}, P.
	},
    title = "{Extremely compact massive galaxies at z $\sim$ 1.4}",
  journal = {MNRAS},
   eprint = {astro-ph/0608657},
 keywords = {galaxies: elliptical and lenticular, cD, galaxies: evolution, galaxies: formation, galaxies: fundamental parameters, galaxies: high-redshift, galaxies: structure},
     year = 2006,
    month = nov,
   volume = 373,
    pages = {L36-L40},
      doi = {10.1111/j.1745-3933.2006.00238.x},
   adsurl = {http://cdsads.u-strasbg.fr/abs/2006MNRAS.373L..36T},
  adsnote = {Provided by the SAO/NASA Astrophysics Data System}
}

@ARTICLE{dokkum:2008,
   author = {{van Dokkum}, P.~G. and {Franx}, M. and {Kriek}, M. and {Holden}, B. and 
	{Illingworth}, G.~D. and {Magee}, D. and {Bouwens}, R. and {Marchesini}, D. and 
	{Quadri}, R. and {Rudnick}, G. and {Taylor}, E.~N. and {Toft}, S.
	},
    title = "{Confirmation of the Remarkable Compactness of Massive Quiescent Galaxies at z $\sim$ 2.3: Early-Type Galaxies Did not Form in a Simple Monolithic Collapse}",
  journal = {ApJ},
archivePrefix = "arXiv",
   eprint = {0802.4094},
 keywords = {cosmology: observations, galaxies: evolution, galaxies: formation},
     year = 2008,
    month = apr,
   volume = 677,
    pages = {L5},
      doi = {10.1086/587874},
   adsurl = {http://cdsads.u-strasbg.fr/abs/2008ApJ...677L...5V},
  adsnote = {Provided by the SAO/NASA Astrophysics Data System}
}

@ARTICLE{wel:2008,
   author = {{van der Wel}, A. and {Holden}, B.~P. and {Zirm}, A.~W. and 
	{Franx}, M. and {Rettura}, A. and {Illingworth}, G.~D. and {Ford}, H.~C.
	},
    title = "{Recent Structural Evolution of Early-Type Galaxies: Size Growth from z = 1 to z = 0}",
  journal = {ApJ},
archivePrefix = "arXiv",
   eprint = {0808.0077},
 keywords = {galaxies: clusters: general, galaxies: elliptical and lenticular, cD, galaxies: evolution, galaxies: formation, galaxies: fundamental parameters, galaxies: general, galaxies: photometry},
     year = 2008,
    month = nov,
   volume = 688,
    pages = {48-58},
      doi = {10.1086/592267},
   adsurl = {http://cdsads.u-strasbg.fr/abs/2008ApJ...688...48V},
  adsnote = {Provided by the SAO/NASA Astrophysics Data System}
}

@ARTICLE{lahen:2018,
   author = {{Lah{\'e}n}, N. and {Johansson}, P.~H. and {Rantala}, A. and 
	{Naab}, T. and {Frigo}, M.},
    title = "{The fate of the Antennae galaxies}",
  journal = {MNRAS},
archivePrefix = "arXiv",
   eprint = {1709.00010},
 keywords = {methods: numerical, galaxies: evolution, galaxies: individual: NGC 4038/4039, galaxies: kinematics and dynamics, galaxies: starburst},
     year = 2018,
    month = apr,
   volume = 475,
    pages = {3934-3958},
      doi = {10.1093/mnras/sty060-},
   adsurl = {http://adsabs.harvard.edu/abs/2018MNRAS.475.3934L},
  adsnote = {Provided by the SAO/NASA Astrophysics Data System}
}

@book{extragal,
title = {Extragalactic astronomy and cosmology : an introduction},
author = {Schneider, P.},
address = {Berlin ; New York},
publisher = {Springer},
year = {2006},
}

@ARTICLE{gerhard:1981,
   author = {{Gerhard}, O.~E.},
    title = "{N-body simulations of disc-halo galaxies - Isolated systems, tidal interactions and merging}",
  journal = {MNRAS},
 keywords = {Astronomical Models, Disk Galaxies, Galactic Evolution, Galactic Structure, Interacting Galaxies, Many Body Problem, Angular Momentum, Density Distribution, Elliptical Galaxies, Halos, Particle Interactions, Secular Variations, Stellar Mass Ejection},
     year = 1981,
    month = oct,
   volume = 197,
    pages = {179-208},
      doi = {10.1093/mnras/197.1.179},
   adsurl = {http://adsabs.harvard.edu/abs/1981MNRAS.197..179G},
  adsnote = {Provided by the SAO/NASA Astrophysics Data System}
}

@ARTICLE{farouki:1982,
   author = {{Farouki}, R.~T. and {Shapiro}, S.~L.},
    title = "{Simulations of merging disk galaxies}",
  journal = {ApJ},
 keywords = {Astronomical Models, Disk Galaxies, Galactic Evolution, Galactic Structure, Elliptical Galaxies, Galactic Rotation, Luminosity, Many Body Problem, Simulation},
     year = 1982,
    month = aug,
   volume = 259,
    pages = {103-115},
      doi = {10.1086/160151},
   adsurl = {http://adsabs.harvard.edu/abs/1982ApJ...259..103F},
  adsnote = {Provided by the SAO/NASA Astrophysics Data System}
}

@ARTICLE{negroponte:1983,
   author = {{Negroponte}, J. and {White}, S.~D.~M.},
    title = "{Simulations of mergers between disc-halo galaxies}",
  journal = {MNRAS},
 keywords = {Collision Parameters, Disk Galaxies, Galactic Evolution, Galactic Structure, Astronomical Models, Elliptical Galaxies, Halos, Interstellar Gas, Particle Collisions},
     year = 1983,
    month = dec,
   volume = 205,
    pages = {1009-1029},
      doi = {10.1093/mnras/205.4.1009},
   adsurl = {http://adsabs.harvard.edu/abs/1983MNRAS.205.1009N},
  adsnote = {Provided by the SAO/NASA Astrophysics Data System}
}

@ARTICLE{barnes:1988,
   author = {{Barnes}, J.~E.},
    title = "{Encounters of disk/halo galaxies}",
  journal = {ApJ},
 keywords = {Computational Astrophysics, Disk Galaxies, Elliptical Galaxies, Galactic Rotation, Galactic Structure, Angular Momentum, Brightness Distribution, Dark Matter, Galactic Evolution, Interacting Galaxies, Mass Distribution, Orbit Decay, Star Formation},
     year = 1988,
    month = aug,
   volume = 331,
    pages = {699-717},
      doi = {10.1086/166593},
   adsurl = {http://adsabs.harvard.edu/abs/1988ApJ...331..699B},
  adsnote = {Provided by the SAO/NASA Astrophysics Data System}
}

@ARTICLE{barnes:1992,
   author = {{Barnes}, J.~E.},
    title = "{Transformations of galaxies. I - Mergers of equal-mass stellar disks}",
  journal = {ApJ},
 keywords = {Disk Galaxies, Elliptical Galaxies, Galactic Evolution, Galactic Mass, Interacting Galaxies, Digital Simulation, Gas Dynamics},
     year = 1992,
    month = jul,
   volume = 393,
    pages = {484-507},
      doi = {10.1086/171522},
   adsurl = {http://adsabs.harvard.edu/abs/1992ApJ...393..484B},
  adsnote = {Provided by the SAO/NASA Astrophysics Data System}
}

@ARTICLE{hernquist:1992,
   author = {{Hernquist}, L.},
    title = "{Structure of merger remnants. I - Bulgeless progenitors}",
  journal = {ApJ},
 keywords = {Elliptical Galaxies, Galactic Evolution, Galactic Structure, Interacting Galaxies, Astronomical Models, Galactic Rotation, Lenticular Bodies},
     year = 1992,
    month = dec,
   volume = 400,
    pages = {460-475},
      doi = {10.1086/172009},
   adsurl = {http://adsabs.harvard.edu/abs/1992ApJ...400..460H},
  adsnote = {Provided by the SAO/NASA Astrophysics Data System}
}

@ARTICLE{mihos:1996,
   author = {{Mihos}, J.~C. and {Hernquist}, L.},
    title = "{Gasdynamics and Starbursts in Major Mergers}",
  journal = {ApJ},
   eprint = {astro-ph/9512099},
 keywords = {GALAXIES: ACTIVE, GALAXIES: INTERACTIONS, GALAXIES: STARBURST, GALAXIES: STRUCTURE, METHODS: NUMERICAL},
     year = 1996,
    month = jun,
   volume = 464,
    pages = {641},
      doi = {10.1086/177353},
   adsurl = {http://adsabs.harvard.edu/abs/1996ApJ...464..641M},
  adsnote = {Provided by the SAO/NASA Astrophysics Data System}
}

@ARTICLE{gerhard:1985,
   author = {{Gerhard}, O.~E. and {Binney}, J.},
    title = "{Triaxial galaxies containing massive black holes or central density cusps}",
  journal = {MNRAS},
 keywords = {Black Holes (Astronomy), Elliptical Galaxies, Galactic Structure, Orbit Perturbation, Stellar Orbits, Astronomical Models, Galactic Nuclei, Gravitational Effects, Potential Theory, Star Distribution},
     year = 1985,
    month = sep,
   volume = 216,
    pages = {467-502},
      doi = {10.1093/mnras/216.2.467},
   adsurl = {http://adsabs.harvard.edu/abs/1985MNRAS.216..467G},
  adsnote = {Provided by the SAO/NASA Astrophysics Data System}
}

@ARTICLE{merritt:1996,
   author = {{Merritt}, D. and {Fridman}, T.},
    title = "{Triaxial Galaxies with Cusps}",
  journal = {ApJ},
   eprint = {astro-ph/9511021},
 keywords = {CELESTIAL MECHANICS, STELLAR DYNAMICS, GALAXIES: KINEMATICS AND DYNAMICS, METHODS: NUMERICAL},
     year = 1996,
    month = mar,
   volume = 460,
    pages = {136},
      doi = {10.1086/176957},
   adsurl = {http://adsabs.harvard.edu/abs/1996ApJ...460..136M},
  adsnote = {Provided by the SAO/NASA Astrophysics Data System}
}

@ARTICLE{knochfar:2005,
   author = {{Khochfar}, S. and {Burkert}, A.},
    title = "{On the origin of isophotal shapes in elliptical galaxies}",
  journal = {MNRAS},
   eprint = {astro-ph/0409705},
 keywords = {galaxies: elliptical and lenticular, cD, galaxies: formation, dark matter},
     year = 2005,
    month = jun,
   volume = 359,
    pages = {1379-1385},
      doi = {10.1111/j.1365-2966.2005.08988.x},
   adsurl = {http://adsabs.harvard.edu/abs/2005MNRAS.359.1379K},
  adsnote = {Provided by the SAO/NASA Astrophysics Data System}
}

@ARTICLE{naab:2006,
   author = {{Naab}, T. and {Khochfar}, S. and {Burkert}, A.},
    title = "{Properties of Early-Type, Dry Galaxy Mergers and the Origin of Massive Elliptical Galaxies}",
  journal = {ApJ},
   eprint = {astro-ph/0509667},
 keywords = {Galaxies: Elliptical and Lenticular, cD, Galaxies: Evolution, Galaxies: Interactions, Galaxies: Structure, Methods: Numerical},
     year = 2006,
    month = jan,
   volume = 636,
    pages = {L81-L84},
      doi = {10.1086/500205},
   adsurl = {http://adsabs.harvard.edu/abs/2006ApJ...636L..81N},
  adsnote = {Provided by the SAO/NASA Astrophysics Data System}
}

@ARTICLE{cox:2006,
   author = {{Cox}, T.~J. and {Dutta}, S.~N. and {Di Matteo}, T. and {Hernquist}, L. and 
	{Hopkins}, P.~F. and {Robertson}, B. and {Springel}, V.},
    title = "{The Kinematic Structure of Merger Remnants}",
  journal = {ApJ},
   eprint = {astro-ph/0607446},
 keywords = {Galaxies: Elliptical and Lenticular, cD, Galaxies: Evolution, Galaxies: Formation, Galaxies: Interactions, Methods: n-Body Simulations},
     year = 2006,
    month = oct,
   volume = 650,
    pages = {791-811},
      doi = {10.1086/507474},
   adsurl = {http://adsabs.harvard.edu/abs/2006ApJ...650..791C},
  adsnote = {Provided by the SAO/NASA Astrophysics Data System}
}

@ARTICLE{gualandris:2007,
   author = {{Gualandris}, A. and {Merritt}, D.},
    title = "{Dynamics around supermassive black holes}",
  journal = {ArXiv e-prints},
archivePrefix = "arXiv",
   eprint = {0708.3083},
 keywords = {Astrophysics},
     year = 2007,
    month = aug,
   adsurl = {http://cdsads.u-strasbg.fr/abs/2007arXiv0708.3083G},
  adsnote = {Provided by the SAO/NASA Astrophysics Data System}
}

@ARTICLE{begelman:1980,
   author = {{Begelman}, M.~C. and {Blandford}, R.~D. and {Rees}, M.~J.},
    title = "{Massive black hole binaries in active galactic nuclei}",
  journal = {Nature},
 keywords = {Active Galactic Nuclei, Binary Stars, Black Holes (Astronomy), Stellar Evolution, Supermassive Stars, Astrophysics, Orbital Elements},
     year = 1980,
    month = sep,
   volume = 287,
    pages = {307-309},
      doi = {10.1038/287307a0},
   adsurl = {http://cdsads.u-strasbg.fr/abs/1980Natur.287..307B},
  adsnote = {Provided by the SAO/NASA Astrophysics Data System}
}

@ARTICLE{ebisuzaki:1991,
   author = {{Ebisuzaki}, T. and {Makino}, J. and {Okumura}, S.~K.},
    title = "{Merging of two galaxies with central black holes}",
  journal = {Nature},
 keywords = {Black Holes (Astronomy), Elliptical Galaxies, Galactic Mass, Galactic Structure, Luminous Intensity, Computational Astrophysics, Galactic Evolution, Many Body Problem},
     year = 1991,
    month = nov,
   volume = 354,
    pages = {212-214},
      doi = {10.1038/354212a0},
   adsurl = {http://cdsads.u-strasbg.fr/abs/1991Natur.354..212E},
  adsnote = {Provided by the SAO/NASA Astrophysics Data System}
}

@ARTICLE{faber:1997,
   author = {{Faber}, S.~M. and {Tremaine}, S. and {Ajhar}, E.~A. and {Byun}, Y.-I. and 
	{Dressler}, A. and {Gebhardt}, K. and {Grillmair}, C. and {Kormendy}, J. and 
	{Lauer}, T.~R. and {Richstone}, D.},
    title = "{The Centers of Early-Type Galaxies with HST. IV. Central Parameter Relations.}",
  journal = {AJ},
   eprint = {astro-ph/9610055},
 keywords = {GALAXIES: EARLY-TYPE, GALAXIES: NUCLEI},
     year = 1997,
    month = nov,
   volume = 114,
    pages = {1771},
      doi = {10.1086/118606},
   adsurl = {http://cdsads.u-strasbg.fr/abs/1997AJ....114.1771F},
  adsnote = {Provided by the SAO/NASA Astrophysics Data System}
}

@ARTICLE{milosavljevic:2002,
   author = {{Milosavljevi{\'c}}, M. and {Merritt}, D. and {Rest}, A. and 
	{van den Bosch}, F.~C.},
    title = "{Galaxy cores as relics of black hole mergers}",
  journal = {MNRAS},
   eprint = {astro-ph/0110185},
 keywords = {black hole physics, galaxies: elliptical and lenticular, cD, galaxies: interactions, galaxies: nuclei},
     year = 2002,
    month = apr,
   volume = 331,
    pages = {L51-L55},
      doi = {10.1046/j.1365-8711.2002.05436.x},
   adsurl = {http://cdsads.u-strasbg.fr/abs/2002MNRAS.331L..51M},
  adsnote = {Provided by the SAO/NASA Astrophysics Data System}
}

@ARTICLE{robertson:2006,
   author = {{Robertson}, B. and {Bullock}, J.~S. and {Cox}, T.~J. and {Di Matteo}, T. and 
	{Hernquist}, L. and {Springel}, V. and {Yoshida}, N.},
    title = "{A Merger-driven Scenario for Cosmological Disk Galaxy Formation}",
  journal = {ApJ},
   eprint = {astro-ph/0503369},
 keywords = {Galaxies: Evolution, Galaxies: Formation},
     year = 2006,
    month = jul,
   volume = 645,
    pages = {986-1000},
      doi = {10.1086/504412},
   adsurl = {http://cdsads.u-strasbg.fr/abs/2006ApJ...645..986R},
  adsnote = {Provided by the SAO/NASA Astrophysics Data System}
}

@ARTICLE{dokkum:2005,
   author = {{van Dokkum}, P.~G.},
    title = "{The Recent and Continuing Assembly of Field Elliptical Galaxies by Red Mergers}",
  journal = {AJ},
   eprint = {astro-ph/0506661},
 keywords = {Galaxies: Elliptical and Lenticular, cD, Galaxies: Evolution, Galaxies: Formation},
     year = 2005,
    month = dec,
   volume = 130,
    pages = {2647-2665},
      doi = {10.1086/497593},
   adsurl = {http://cdsads.u-strasbg.fr/abs/2005AJ....130.2647V},
  adsnote = {Provided by the SAO/NASA Astrophysics Data System}
}

@ARTICLE{bell:2006,
   author = {{Bell}, E.~F. and {Naab}, T. and {McIntosh}, D.~H. and {Somerville}, R.~S. and 
	{Caldwell}, J.~A.~R. and {Barden}, M. and {Wolf}, C. and {Rix}, H.-W. and 
	{Beckwith}, S.~V. and {Borch}, A. and {H{\"a}ussler}, B. and 
	{Heymans}, C. and {Jahnke}, K. and {Jogee}, S. and {Koposov}, S. and 
	{Meisenheimer}, K. and {Peng}, C.~Y. and {Sanchez}, S.~F. and 
	{Wisotzki}, L.},
    title = "{Dry Mergers in GEMS: The Dynamical Evolution of Massive Early-Type Galaxies}",
  journal = {ApJ},
   eprint = {astro-ph/0506425},
 keywords = {Galaxies: Elliptical and Lenticular, cD, Galaxies: Evolution, Galaxies: General, Galaxies: Interactions, Galaxies: Structure},
     year = 2006,
    month = mar,
   volume = 640,
    pages = {241-251},
      doi = {10.1086/499931},
   adsurl = {http://cdsads.u-strasbg.fr/abs/2006ApJ...640..241B},
  adsnote = {Provided by the SAO/NASA Astrophysics Data System}
}

@ARTICLE{mcintosh:2008,
   author = {{McIntosh}, D.~H. and {Guo}, Y. and {Hertzberg}, J. and {Katz}, N. and 
	{Mo}, H.~J. and {van den Bosch}, F.~C. and {Yang}, X.},
    title = "{Ongoing assembly of massive galaxies by major merging in large groups and clusters from the SDSS}",
  journal = {MNRAS},
archivePrefix = "arXiv",
   eprint = {0710.2157},
 keywords = {galaxies: clusters: general , galaxies: evolution , galaxies: formation , galaxies: interactions},
     year = 2008,
    month = aug,
   volume = 388,
    pages = {1537-1556},
      doi = {10.1111/j.1365-2966.2008.13531.x},
   adsurl = {http://cdsads.u-strasbg.fr/abs/2008MNRAS.388.1537M},
  adsnote = {Provided by the SAO/NASA Astrophysics Data System}
}

@ARTICLE{nipoti:2003,
   author = {{Nipoti}, C. and {Londrillo}, P. and {Ciotti}, L.},
    title = "{Galaxy merging, the fundamental plane of elliptical galaxies and the M$_{BH}$-{$\sigma$}$_{0}$ relation}",
  journal = {MNRAS},
   eprint = {astro-ph/0302423},
 keywords = {black hole physics, galaxies: elliptical and lenticular, cD, galaxies: formation, galaxies: fundamental parameters, galaxies: kinematics and dynamics},
     year = 2003,
    month = jun,
   volume = 342,
    pages = {501-512},
      doi = {10.1046/j.1365-8711.2003.06554.x},
   adsurl = {http://cdsads.u-strasbg.fr/abs/2003MNRAS.342..501N},
  adsnote = {Provided by the SAO/NASA Astrophysics Data System}
}

@ARTICLE{boylan:2005,
   author = {{Boylan-Kolchin}, M. and {Ma}, C.-P. and {Quataert}, E.},
    title = "{Dissipationless mergers of elliptical galaxies and the evolution of the fundamental plane}",
  journal = {MNRAS},
   eprint = {astro-ph/0502495},
 keywords = {methods: N-body simulations, galaxies: evolution, galaxies: fundamental parameters, galaxies: structure, dark matter},
     year = 2005,
    month = sep,
   volume = 362,
    pages = {184-196},
      doi = {10.1111/j.1365-2966.2005.09278.x},
   adsurl = {http://cdsads.u-strasbg.fr/abs/2005MNRAS.362..184B},
  adsnote = {Provided by the SAO/NASA Astrophysics Data System}
}

@ARTICLE{schade:1997,
   author = {{Schade}, D. and {Barrientos}, L.~F. and {L{\'o}pez-Cruz}, O.
	},
    title = "{Evolution of Cluster Ellipticals at 0.2 $<$ z $<$ 1.2 from Hubble Space Telescope Imaging,}",
  journal = {ApJ},
   eprint = {astro-ph/9612009},
 keywords = {Galaxies: Evolution, Galaxies: Fundamental Parameters},
     year = 1997,
    month = mar,
   volume = 477,
    pages = {L17-L20},
      doi = {10.1086/310508},
   adsurl = {http://cdsads.u-strasbg.fr/abs/1997ApJ...477L..17S},
  adsnote = {Provided by the SAO/NASA Astrophysics Data System}
}

@ARTICLE{aragon:1993,
   author = {{Aragon-Salamanca}, A. and {Ellis}, R.~S. and {Couch}, W.~J. and 
	{Carter}, D.},
    title = "{Evidence for systematic evolution in the properties of galaxies in distant clusters}",
  journal = {MNRAS},
 keywords = {Galactic Clusters, Galactic Evolution, Astronomical Catalogs, Astronomical Photometry, Color-Color Diagram, Color-Magnitude Diagram, Elliptical Galaxies, Infrared Sources (Astronomy), Red Shift},
     year = 1993,
    month = jun,
   volume = 262,
    pages = {764-794},
      doi = {10.1093/mnras/262.3.764},
   adsurl = {http://cdsads.u-strasbg.fr/abs/1993MNRAS.262..764A},
  adsnote = {Provided by the SAO/NASA Astrophysics Data System}
}

@ARTICLE{rakos:1995,
   author = {{Rakos}, K.~D. and {Schombert}, J.~M.},
    title = "{Color evolution from Z = 0 to Z = 1}",
  journal = {ApJ},
 keywords = {Astronomical Photometry, Color, Galactic Clusters, Galactic Evolution, Red Shift, Data Correlation, Image Analysis, Spectrum Analysis},
     year = 1995,
    month = jan,
   volume = 439,
    pages = {47-59},
      doi = {10.1086/175150},
   adsurl = {http://cdsads.u-strasbg.fr/abs/1995ApJ...439...47R},
  adsnote = {Provided by the SAO/NASA Astrophysics Data System}
}

@ARTICLE{ellis:1997,
   author = {{Ellis}, R.~S. and {Smail}, I. and {Dressler}, A. and {Couch}, W.~J. and 
	{Oemler}, Jr., A. and {Butcher}, H. and {Sharples}, R.~M.},
    title = "{The Homogeneity of Spheroidal Populations in Distant Clusters}",
  journal = {ApJ},
   eprint = {astro-ph/9607154},
 keywords = {Cosmology: Observations, Galaxies: Clusters: General, Galaxies: Evolution, Galaxies: Photometry},
     year = 1997,
    month = jul,
   volume = 483,
    pages = {582-596},
      doi = {10.1086/304261},
   adsurl = {http://cdsads.u-strasbg.fr/abs/1997ApJ...483..582E},
  adsnote = {Provided by the SAO/NASA Astrophysics Data System}
}

@ARTICLE{stanford:1998,
   author = {{Stanford}, S.~A. and {Eisenhardt}, P.~R. and {Dickinson}, M.
	},
    title = "{The Evolution of Early-Type Galaxies in Distant Clusters}",
  journal = {ApJ},
   eprint = {astro-ph/9708037},
 keywords = {Galaxies: Clusters: General, Galaxies: Elliptical and Lenticular, cD, Galaxies: Evolution, Galaxies: Photometry},
     year = 1998,
    month = jan,
   volume = 492,
    pages = {461-479},
      doi = {10.1086/305050},
   adsurl = {http://cdsads.u-strasbg.fr/abs/1998ApJ...492..461S},
  adsnote = {Provided by the SAO/NASA Astrophysics Data System}
}

@INPROCEEDINGS{schweizer:1987,
   author = {{Schweizer}, F.},
    title = "{Dust and gas - Overview}",
 keywords = {Cosmic Dust, Elliptical Galaxies, H I Regions, H Ii Regions, Interstellar Gas, Abundance, Galactic Evolution, Gas Dynamics},
booktitle = {Structure and Dynamics of Elliptical Galaxies},
     year = 1987,
   series = {IAU Symposium},
   volume = 127,
    pages = {109-122},
   adsurl = {http://adsabs.harvard.edu/abs/1987IAUS..127..109S},
  adsnote = {Provided by the SAO/NASA Astrophysics Data System}
}